2194 3548
726 85 762 100 ‘xl

155 181 157 184 ’
190 164 269 268 248
297 171 638 264 Aurtautruruu
659 171 952 247 Ronnuaauut
1010 173 1056 250 L

179 271 322 354 recepit.
346 267 711 352 Atquehintortumest‚
734 268 1057 352 utposteriotesetitm

178 355 417 430 ·Imperatores,
439 350 560 436 quoties
568 349 723 413 decimum
731 351 774 414 im
797 352 1054 418 eriiannumatti·

192 433 313 518 gislent,
328 431 436 498 festum
450 433 641 498 celebrarent
655 477 666 506 ‚
688 437 722 496 &
736 369 824 498 ludos
836 455 909 498 cum
925 438 1057 501 maximo

193 537 340 602 apparatu
354 516 478 588 darent3
503 518 718 600 &quanquam
731 537 793 580 non
806 516 844 580 ad
851 538 975 582 certum
983 541 1056 584 tem-

160 651 163 660 ,
193 621 268 685 pus,
290 599 586 684 sedperomnevitae
601 599 953 696 spatiqtnriisimpenum
961 601 1056 666 deset-

191 703 294 758 retur,
316 681 1059 768 tamenfingulisdecenmrssestumproejusrenu

193 767 318 833 vatione
326 767 467 851 agebant.

137 875 139 881 ’
235 852 403 913 Virmnases
421 846 485 910 ludi
493 865 600 921 erant,
624 845 1056 940 quifimiliter'vicesrmoquo

188 954 248 1019 que
257 931 380 1016 imperii
388 928 679 997 aanohabebantur.

227 1017 311 1094 sudi
319 1013 526 1098 Triumphales
534 1009 669 1090 fuerunt,
683 1015 736 1099 qui
744 1011 1053 1102 postinfignesvidlo·

189 1098 501 1164 riascelebrabanrur,
945 1143 949 1146 -

188 1186 381 1331 ιηιῖιὶιιιιιέιὲἑ,
389 1183 482 1269 quiin
490 1181 1056 1268 natalibusmagnorumvirorumede·

174 1297 179 1304 ·
251 1288 311 1334 tur.
675 1305 677 1312 ·

227 1356 312 1416 Ludi
324 1349 500 1432 savardes,
523 1351 598 1416 licet
604 1352 756 1437 Juvenum
770 1352 855 1415 causa
864 1351 998 1418 instituti
1007 1353 1055 1418 so-

188 1452 287 1511 rent,
297 1438 330 1500 in
344 1437 451 1522 hisque
464 1435 674 1501 adolescentes
686 1457 741 1519 per
754 1434 833 1500 lusus
848 1438 883 1498 δι
899 1435 1056 1502 lasciuiam

28 1569 60 1588 ..y
185 1517 442 1595 admitterentur,
464 1519 643 1606 plerumque
664 1538 768 1584 tamen
790 1539 883 1596 anus,
907 1522 942 1582 dt
967 1542 1057 1606 gran-

124 1647 127 1652 ·
157 1585 383 1668 ‘'davas‘natu
401 1624 538 1677 matres,
560 1603 701 1687 senesque
722 1601 942 1686 ingravescenti
966 1626 1057 1669 attare

188 1685 252 1749 ludi
300 1687 423 1752 dinissos
438 1685 655 1770 comperimus.
690 1685 775 1750 Dior
791 1685 884 1770 igitur
911 1689 1057 1754 uvenales

196 1763 241 1841 (iri
298 1769 471 1846 tRosinus)
498 1766 1053 1854 quodiniisuelurirejuvenescerent.

175 1851 286 1919 ‘Lusus
299 1873 364 1918 erat
376 1875 470 1941 quem
484 1851 633 1916 ludebant
646 1869 754 1914 turma
769 1873 935 1934 puerorum
950 1857 1054 1938 primo

185 1939 285 2003 aetatis
298 1938 393 2014 flore,
416 1941 450 2003 dt
464 1939 589 2020 juvenes
602 1933 737 2020 generosi
753 1936 894 2018 spiritus,
915 1957 951 2000 ut
967 1941 1053 2025 equis

184 2021 334 2099 instratis,
357 2021 515 2088 hincinde
525 2017 809 2105 dispostistu'rmis,
830 2025 1051 2108 tanquam-acie

170 2103 326 2172 instrudla
339 2105 510 2190 compofito
523 2103 662 2190 agmine,
686 2103 720 2166 in
734 2101 815 2184 justae
829 2107 960 2166 modurn
976 2115 1049 2192 pug-

185 2207 232 2251 nae
246 2189 440 2256 cursitarent:
462 2189 655 2275 speciemque
663 2185 780 2270 prelii,
800 2185 1050 2258 modoinoceur-

167 2272 250 2335 istun
263 2273 383 2350 eundo,
405 2293 485 2338 nunc
499 2270 517 2336 ὲ
532 2291 619 2358 tergo
636 2271 671 2333 δι
685 2269 718 2331 in
725 2271 1049 2354 gyrumoccutsando,

169 2367 176 2404 :
207 2355 372 2432 taberent,
398 2361 436 2424 de
454 2355 654 2442 campestrem
667 2350 868 2416 incurfionem
889 2350 1069 2430 facerent,'

165 2375 396 2526 luecio-:enque
411 2459 527 2524 magna
540 2437 672 2510 indolis,
696 2439 729 2498 dt
744 2435 1048 2502 commendationem

167 2519 318 2587 ineuntis
337 2522 548 2586 adolescentia
570 2543 631 2606 prae
653 2522 683 2583 se
703 2517 836 2592 ferrent,
858 2519 901 2582 ira
910 2521 1050 2606 aequalis

170 2632 177 2640 ¹·
204 2603 310 2696 uisque
318 2602 533 2678 futurusesset,
554 2607 697 2687 cujusque
705 2602 786 2686 spei,
802 2599 894 2666 facile
903 2605 1048 2670 eniteret.

181 2624 220 2750 ln
240 2686 289 2770 lus
309 2706 432 2781 quoque
454 2687 635 2770 Pyrrhicam
649 2687 750 2750 saltari
766 2687 961 2769 accepimus,
983 2709 1048 2773 qua

172 2769 308 2856 integris
328 2769 411 2836 urbis
432 2769 594 2844 moribus,
621 2789 735 2853 magno
756 2766 927 2832 faventium
937 2767 1048 2834 illudio

169 2853 292 2918 diebat:
336 2875 381 2917 uae
395 2855 529 2940 primum
543 2853 667 2916 inventa
682 2850 818 2914 setturin
833 2853 949 2926 Creta,
970 2876 1047 2917 non-

169 2937 256 3001 euulli
277 2935 295 3001 a
348 2938 516 3012 aeonibus,
538 2933 577 3000 ad
598 2956 645 3000 res
665 2933 792 3001 bellicas
812 2932 903 2999 facile
924 2936 1045 3000 obeun-

167 3019 254 3093 das,
270 3040 313 3084 ut,
330 3021 438 3085 armati
461 3021 522 3084 levi
555 3017 634 3085 flexu
656 3020 689 3080 &
705 3017 801 3090 saltu,
822 3038 902 3082 nunc
918 3021 948 3082 se
968 3039 1044 3084 con·

164 3102 352 3178 effluendo,
374 3103 507 3169 nunc-in
527 3104 625 3168 altum
647 3099 820 3170 exilieudo‚
844 3119 923 3166 nunc
945 3103 1066 3168 decli-⁸

168 3184 377 3274 maudoflela
408 3191 442 3272 dt
473 3187 577 3272 plagas
604 3185 738 3252 vitarent
751 3227 764 3259 ,
785 3181 1044 3340 disciplinamque

182 3299 205 3323 ι,
241 3281 247 3322 “.
548 3327 554 3336 ,
960 3291 977 3336 e
1002 3291 1045 3338 ις.
